@misc{SLVerBullet,
      author = {Brandon Goodell and Rigo Salazar and Freeman Slaughter and Luke Szramowski},
      title = {{SLVer} Bullet: Straight-Line Verification for Bulletproofs},
      howpublished = {Cryptology {ePrint} Archive, Paper 2025/1345},
      year = {2025},
      url = {https://eprint.iacr.org/2025/1345}
}

@misc{HyperFond,
      author = {Yuanzhuo Yu and Mengling Liu and Yuncong Zhang and Shi-Feng Sun and Tianyi Ma and Man Ho Au and Dawu Gu},
      title = {$\mathsf{{HyperFond}}$: A Transparent and Post-Quantum Distributed {SNARK} with Polylogarithmic Communication},
      howpublished = {Cryptology {ePrint} Archive, Paper 2025/1349},
      year = {2025},
      url = {https://eprint.iacr.org/2025/1349}
}

@misc{Shred-to-Shine,
      author = {Weihan Li and Zongyang Zhang and Sherman S. M. Chow and Yanpei Guo and Boyuan Gao and Xuyang Song and Yi Deng and Jianwei Liu},
      title = {Shred-to-Shine Metamorphosis in Polynomial Commitment Evolution},
      howpublished = {Cryptology {ePrint} Archive, Paper 2025/1354},
      year = {2025},
      url = {https://eprint.iacr.org/2025/1354}
}